<?xml version="1.0" encoding="UTF-8"?><collection xmlns="http://www.loc.gov/MARC21/slim"><record><leader>00435nam--2200145-i-4500</leader><controlfield tag="001">000038007</controlfield><controlfield tag="002">20161230</controlfield><controlfield tag="005">20161230201041</controlfield><controlfield tag="008">060222s1000------------r-----000-0-eng-d</controlfield><datafield ind1=" " ind2=" " tag="080"><subfield code="a">51</subfield></datafield><datafield ind1=" " ind2=" " tag="100"><subfield code="a">Ralph,E. And Sagle,Arthur A</subfield></datafield><datafield ind1=" " ind2=" " tag="245"><subfield code="a">Introduction to lie groups and lie algebras</subfield></datafield><datafield ind1=" " ind2=" " tag="260"><subfield code="a">New York, Academic Prss, 1973. Ix + 361 P</subfield></datafield><datafield ind1=" " ind2=" " tag="490"><subfield code="a">Pure And Applied Mathematics. A Series Of Monographs And Textbooks</subfield></datafield><datafield ind1=" " ind2=" " tag="852"><subfield code="a">13669</subfield></datafield></record></collection>